<record><leader>00000cas a22000007a 4500</leader><controlfield tag="001">30506738</controlfield><controlfield tag="008">940527d18861886nyuwr ne      0    0eng d</controlfield><datafield ind1=" " ind2=" " tag="010"><subfield code="a">sn 94057779 </subfield></datafield><datafield ind1=" " ind2=" " tag="040"><subfield code="a">NYS</subfield><subfield code="b">eng</subfield><subfield code="c">NYS</subfield><subfield code="d">OCLCQ</subfield><subfield code="d">OCLCF</subfield><subfield code="d">OCLCO</subfield></datafield><datafield ind1=" " ind2=" " tag="042"><subfield code="a">msc</subfield></datafield><datafield ind1=" " ind2=" " tag="043"><subfield code="a">n-us-ny</subfield></datafield><datafield ind1="0" ind2="4" tag="245"><subfield code="a">The Clayton free press.</subfield></datafield><datafield ind1=" " ind2=" " tag="260"><subfield code="a">Clayton, N.Y. :</subfield><subfield code="b">E.D. &amp; W.M. Vincent</subfield></datafield><datafield ind1=" " ind2=" " tag="300"><subfield code="a">1 v.</subfield></datafield><datafield ind1=" " ind2=" " tag="310"><subfield code="a">Weekly</subfield></datafield><datafield ind1="0" ind2=" " tag="362"><subfield code="a">Vol. 1, no. 1 (Mar. 2, 1886)-</subfield></datafield><datafield ind1="1" ind2=" " tag="362"><subfield code="a">Ceased in 1886.</subfield></datafield><datafield ind1=" " ind2=" " tag="500"><subfield code="a">Published on Tuesday.</subfield></datafield><datafield ind1=" " ind2=" " tag="580"><subfield code="a">Merged with: Carthage leader, and: Copenhagen news (Copenhagen, N.Y.), and: Jefferson County herald (Theresa, N.Y.), to form: Watertown herald (Watertown, N.Y. : 1886).</subfield></datafield><datafield ind1=" " ind2=" " tag="588"><subfield code="a">Latest issue consulted: Vol. 1, no. 3 (Mar. 16, 1886).</subfield></datafield><datafield ind1=" " ind2="0" tag="651"><subfield code="a">Clayton (N.Y.)</subfield><subfield code="v">Newspapers.</subfield></datafield><datafield ind1=" " ind2="0" tag="651"><subfield code="a">Jefferson County (N.Y.)</subfield><subfield code="v">Newspapers.</subfield></datafield><datafield ind1=" " ind2="7" tag="655"><subfield code="a">Newspapers.</subfield><subfield code="2">fast</subfield><subfield code="0">(OCoLC)fst01423814</subfield></datafield><datafield ind1=" " ind2="7" tag="651"><subfield code="a">New York (State)</subfield><subfield code="z">Clayton.</subfield><subfield code="2">fast</subfield><subfield code="0">(OCoLC)fst01230413</subfield></datafield><datafield ind1=" " ind2="7" tag="651"><subfield code="a">New York (State)</subfield><subfield code="z">Jefferson County.</subfield><subfield code="2">fast</subfield><subfield code="0">(OCoLC)fst01209430</subfield></datafield><datafield ind1=" " ind2=" " tag="752"><subfield code="a">United States</subfield><subfield code="b">New York</subfield><subfield code="c">Jefferson</subfield><subfield code="d">Clayton.</subfield></datafield><datafield ind1="1" ind2="7" tag="785"><subfield code="t">Carthage leader</subfield></datafield><datafield ind1="1" ind2="7" tag="785"><subfield code="t">Copenhagen news (Copenhagen, N.Y.)</subfield></datafield><datafield ind1="1" ind2="7" tag="785"><subfield code="t">Jefferson County herald (Theresa, N.Y.)</subfield></datafield><datafield ind1="1" ind2="7" tag="785"><subfield code="t">Watertown herald (Watertown, N.Y. : 1886)</subfield><subfield code="w">(DLC)sn 85054447</subfield><subfield code="w">(OCoLC)11896992</subfield></datafield></record>